<record><leader>00000cas a22000007a 4500</leader><controlfield tag="001">13858945</controlfield><controlfield tag="008">860711d18761877inuwr ne      0    0eng d</controlfield><datafield ind1=" " ind2=" " tag="010"><subfield code="a">sn 86058671 </subfield></datafield><datafield ind1=" " ind2=" " tag="040"><subfield code="a">NPI</subfield><subfield code="b">eng</subfield><subfield code="c">NPI</subfield><subfield code="d">OCLCQ</subfield></datafield><datafield ind1=" " ind2=" " tag="042"><subfield code="a">msc</subfield></datafield><datafield ind1="0" ind2=" " tag="130"><subfield code="a">Noblesville Democrat (Noblesville, Ind. : 1876)</subfield></datafield><datafield ind1="1" ind2="4" tag="245"><subfield code="a">The Noblesville Democrat.</subfield></datafield><datafield ind1=" " ind2=" " tag="260"><subfield code="a">Noblesville, Ind. :</subfield><subfield code="b">L.H. Emmons,</subfield><subfield code="c">1876-</subfield></datafield><datafield ind1=" " ind2=" " tag="300"><subfield code="a">v. :</subfield><subfield code="b">ill. (chiefly advertisements) ;</subfield><subfield code="c">61 cm.</subfield></datafield><datafield ind1=" " ind2=" " tag="310"><subfield code="a">Weekly</subfield></datafield><datafield ind1="0" ind2=" " tag="362"><subfield code="a">Vol. 1, no. 1 (Aug. 1, 1876)-</subfield></datafield><datafield ind1="1" ind2=" " tag="362"><subfield code="a">Ceased in 1877.</subfield><subfield code="z">Cf. Miller, John W. Indiana newspaper bibliog.</subfield></datafield><datafield ind1=" " ind2=" " tag="752"><subfield code="a">United States</subfield><subfield code="b">Indiana</subfield><subfield code="c">Hamilton</subfield><subfield code="d">Noblesville.</subfield></datafield><datafield ind1="0" ind2="0" tag="780"><subfield code="t">Noblesville independent (Noblesville, Ind. : 1874)</subfield></datafield><datafield ind1="0" ind2="0" tag="785"><subfield code="t">Noblesville independent (Noblesville, Ind. : 1877)</subfield><subfield code="w">(DLC)sn 86058672</subfield></datafield></record>